<?xml version="1.0" encoding="UTF-8"?><collection xmlns="http://www.loc.gov/MARC21/slim"><record><leader>00372nam--2200133-i-4500</leader><controlfield tag="001">000024593</controlfield><controlfield tag="002">20161230</controlfield><controlfield tag="005">20161230201035</controlfield><controlfield tag="008">060222s1000------------r-----000-0-eng-d</controlfield><datafield ind1=" " ind2=" " tag="080"><subfield code="a">621.039.55:620.1(061.3)</subfield></datafield><datafield ind1=" " ind2=" " tag="245"><subfield code="a">Irradiation tehnology</subfield></datafield><datafield ind1=" " ind2=" " tag="260"><subfield code="a">Dordrecht, D.Reidel Publishing Company, 1983. Xiv+759p</subfield></datafield><datafield ind1=" " ind2=" " tag="700"><subfield code="a">Rottger, Heinz And Hardt, Peter Von</subfield></datafield><datafield ind1=" " ind2=" " tag="852"><subfield code="a">73162</subfield></datafield></record></collection>